@inproceedings{severyn2015learning,
  title={Learning to rank short text pairs with convolutional deep neural networks},
  author={Severyn, Aliaksei and Moschitti, Alessandro},
  booktitle={Proceedings of the 38th International ACM SIGIR Conference on Research and Development in Information Retrieval},
  pages={373--382},
  year={2015},
  organization={ACM}
}
@article{Li2015Component,
  title={Component-Enhanced Chinese Character Embeddings},
  author={Li, Yanran and Li, Wenjie and Sun, Fei and Li, Sujian},
  journal={Computer Science},
  year={2015},
}
@article{Mikolov2013Efficient,
  title={Efficient Estimation of Word Representations in Vector Space},
  author={Mikolov, Tomas and Chen, Kai and Corrado, Greg and Dean, Jeffrey},
  journal={Computer Science},
  year={2013},
}